<record><leader>00000cas a22000007a 4500</leader><controlfield tag="001">37613329</controlfield><controlfield tag="008">970912d18uu1uuutnuwr ne      0    0eng d</controlfield><datafield ind1=" " ind2=" " tag="010"><subfield code="a">sn 97065426 </subfield></datafield><datafield ind1=" " ind2=" " tag="040"><subfield code="a">TGN</subfield><subfield code="b">eng</subfield><subfield code="c">TGN</subfield><subfield code="d">OCL</subfield><subfield code="d">OCLCQ</subfield><subfield code="d">OCLCF</subfield><subfield code="d">OCLCO</subfield></datafield><datafield ind1=" " ind2=" " tag="042"><subfield code="a">msc</subfield></datafield><datafield ind1=" " ind2=" " tag="043"><subfield code="a">n-us-tn</subfield></datafield><datafield ind1="0" ind2="4" tag="245"><subfield code="a">The Clifton enterprise.</subfield></datafield><datafield ind1=" " ind2=" " tag="260"><subfield code="a">Clifton, Tenn. :</subfield><subfield code="b">Stribling, Hughes, Hassell, &amp; Cooper</subfield></datafield><datafield ind1=" " ind2=" " tag="300"><subfield code="a">v.</subfield></datafield><datafield ind1=" " ind2=" " tag="310"><subfield code="a">Weekly</subfield></datafield><datafield ind1=" " ind2=" " tag="500"><subfield code="a">Publishers: C.C. Stribling, T.S. Hughes, T.S. Hassell, &amp; Joe W. Cooper, &lt;1893&gt;</subfield></datafield><datafield ind1=" " ind2=" " tag="500"><subfield code="a">Editor: Joe W. Cooper, &lt;1893-1896&gt;</subfield></datafield><datafield ind1=" " ind2=" " tag="500"><subfield code="a">"Successor to the Wayne County citizen and Clifton times."</subfield></datafield><datafield ind1=" " ind2=" " tag="588"><subfield code="a">Description based on: Vol. 20, no. 4 (Mar. 16, 1893).</subfield></datafield><datafield ind1=" " ind2="0" tag="651"><subfield code="a">Clifton (Tenn.)</subfield><subfield code="v">Newspapers.</subfield></datafield><datafield ind1=" " ind2="0" tag="651"><subfield code="a">Wayne County (Tenn.)</subfield><subfield code="v">Newspapers.</subfield></datafield><datafield ind1=" " ind2="7" tag="655"><subfield code="a">Newspapers.</subfield><subfield code="2">fast</subfield><subfield code="0">(OCoLC)fst01423814</subfield></datafield><datafield ind1=" " ind2="7" tag="651"><subfield code="a">Tennessee</subfield><subfield code="z">Clifton.</subfield><subfield code="2">fast</subfield><subfield code="0">(OCoLC)fst01226762</subfield></datafield><datafield ind1=" " ind2="7" tag="651"><subfield code="a">Tennessee</subfield><subfield code="z">Wayne County.</subfield><subfield code="2">fast</subfield><subfield code="0">(OCoLC)fst01226429</subfield></datafield><datafield ind1=" " ind2=" " tag="752"><subfield code="a">United States</subfield><subfield code="b">Tennessee</subfield><subfield code="c">Wayne</subfield><subfield code="d">Clifton.</subfield></datafield></record>